:%s§[1]§\citep{battista-1}§
:%s§[2]§\citep{beach-1}§
:%s§[3]§\citep{bhatt-1}§
:%s§[4]§\citep{borning-1}§
:%s§[5]§\citep{borning-2}§
:%s§[6]§\citep{casner-1}§
:%s§[7]§\citep{christensen-1}§
:%s§[8]§\citep{christensen-2}§
:%s§[9]§\citep{comver-1}§
:%s§[10]§\citep{battista-2}§
:%s§[11]§\citep{feiner-1}§
:%s§[12]§\citep{feiner-2}§
:%s§[13]§\citep{graph-drawing-conference-1}§
:%s§[14]§\citep{graf-1}§
:%s§[15]§\citep{hofri-1}§
:%s§[16]§\citep{horn-1}§
:%s§[17]§\citep{hu-1}§
:%s§[18]§\citep{hudson-1}§
:%s§[19]§\citep{hudson-2}§
:%s§[20]§\citep{hudson-3}§
:%s§[21]§\citep{hurlburt-1}§
:%s§[22]§\citep{jeffries-1}§
:%s§[23]§\citep{sun-1}§
:%s§[24]§\citep{kamimura-1}§
:%s§[25]§\citep{kim-1}§
:%s§[26]§\citep{kochhar-1}§
:%s§[27]§\citep{kosak-1}§
:%s§[28]§\citep{kurlander-1}§
:%s§[29]§\citep{lengauer-1}§
:%s§[30]§\citep{linton-1}§
:%s§[31]§\citep{luders-1}§
:%s§[32]§\citep{mackenzie-1}§
:%s§[33]§\citep{mackinlay-1}§
:%s§[34]§\citep{mackworth-1}§
:%s§[35]§\citep{mackworth-2}§
:%s§[36]§\citep{masui-1}§
:%s§[37]§\citep{mccormack-1}§
:%s§[38]§\citep{microsoft-1}§
:%s§[39]§\citep{milenkovic-1}§
:%s§[40]§\citep{muller-1}§
:%s§[41]§\citep{myers-1}§
:%s§[42]§\citep{myers-2}§
:%s§[43]§\citep{nilsson-1}§
:%s§[44]§\citep{ousterhout-1}§
:%s§[45]§\citep{pan-1}§
:%s§[46]§\citep{pizano-1}§
:%s§[47]§\citep{roth-1}§
:%s§[48]§\citep{roth-2}§
:%s§[49]§\citep{salzberg-1}§
:%s§[50]§\citep{schlungbaum-1}§
:%s§[51]§\citep{sears-1}§
:%s§[52]§\citep{sears-2}§
:%s§[53]§\citep{sears-3}§
:%s§[54]§\citep{shahrokhi-1}§
:%s§[55]§\citep{singh-1}§
:%s§[56]§\citep{singh-2}§
:%s§[57]§\citep{bray-1}§
:%s§[58]§\citep{tullis-1}§
:%s§[59]§\citep{vanderzanden-1}§
:%s§[60]§\citep{weitzman-1}§
:%s§[61]§\citep{weitzman-2}§
:%s§[62]§\citep{zhou-1}§
:%s§[63]§\citep{zhou-2}§
:%s§[64]§\citep{zhou-3}§
:%s§§
